@misc{scrapeR, Year=2010, Author={{Acton, Ryan M.}}, HowPublished={\url{https://cran.r-project.org/web/packages/scrapeR/index.html}}}

@misc{atp, title="ATP World Tour", Year=2015, HowPublished={\url{http://www.atpworldtour.com/}}}

@misc{lubridate, Year=2013, Author={{Grolemund, Garrett and Hadley Wickham}}, HowPublished={\url{https://cran.r-project.org/web/packages/lubridate/index.html}}}

@misc{elo, title="How to Calculate the Elo-Rating (Including Examples)", Year=2013, HowPublished={\url{https://metinmediamath.wordpress.com/2013/11/27/how-to-calculate-the-elo-rating-including-example/}}}

@misc{PlayerRatings, Year=2012, Author={{Stephenson, Alec and Jeff Sonas}}, HowPublished={\url{https://cran.r-project.org/web/packages/PlayerRatings/index.html}}}

@article{stephenson:2012,
  author = {Alec Stephenson},
  title = {Rating Australian Rules Football Teams With The PlayerRatings Package},
  year = {2012},
  url = "https://cran.r-project.org/web/packages/PlayerRatings/vignettes/AFLRatings.pdf"
}

@misc{RCurl, Year=2015, Author={{Temple Lang, Duncan and the CRAN Team}}, HowPublished={\url{https://cran.r-project.org/web/packages/RCurl/index.html}}}

@misc{XML, Year=2015, Author={{Temple Lang, Duncan and the CRAN Team}}, HowPublished={\url{https://cran.r-project.org/web/packages/XML/index.html}}}

@book{hadley:2009,
	Author = {Wickham, H.},
	Date-Added = {2009-02-23 14:56:38 -0600},
	Date-Modified = {2009-02-23 14:57:38 -0600},
	Publisher = {Springer},
	Series = {{useR}},
	Title = {ggplot2: {E}legant {G}raphics for {D}ata {A}nalysis},
	Year = {2009}}

@misc{plyr, Year=2015, Author={{Wickham, Hadley}}, HowPublished={\url{https://cran.r-project.org/web/packages/plyr/index.html}}}

@misc{stringr, Year=2015, Author={{Wickham, Hadley}}, HowPublished={\url{https://cran.r-project.org/web/packages/stringr/index.html}}}

@article{fivethirtyeight,
  Author = {Bialik, Carl},
  Year = 2015,
  Title = {Why Some Tennis Matches Take Forever},
  url = "http://fivethirtyeight.com/features/why-some-tennis-matches-take-forever/"
}

@article{ibm,
  Author = {Lelinwalla, Mark},
  Year = 2015,
  Title = {How IBM Powers The U.S. Open And Other Grand Slam Tennis Tournaments With Slamtracker's Streamed Analytics},
  url = "http://www.techtimes.com/articles/84099/20150911/ibm-powers-u-s-open-grand-slam-tennis-tournaments-slamtracker.htm"
}

@misc{htmlToText, Year=2011, Author={{Breyal, Tony}}, HowPublished={\url{https://github.com/tonybreyal/Blog-Reference-Functions/blob/master/R/htmlToText/htmlToText.R}}}